@Article{YildirimE19,
  author     = {Sinan Yildirim and Beyza Ermis},
  journal    = {Statistics and Computing},
  title      = {Exact {MCMC} with differentially private moves - Revisiting the penalty algorithm in a data privacy framework},
  year       = {2019},
  number     = {5},
  pages      = {947--963},
  volume     = {29},
  bibsource  = {dblp computer science bibliography, https://dblp.org},
  biburl     = {https://dblp.org/rec/bib/journals/sac/YildirimE19},
  doi        = {10.1007/s11222-018-9847-x},
  groups     = {MCMC, DP Algorithms},
  keywords   = {read},
  readstatus = {read},
  timestamp  = {Thu, 05 Sep 2019 19:41:18 +0200},
  url        = {https://doi.org/10.1007/s11222-018-9847-x},
}
@Article{Roberts1998,
  author    = {Roberts, Gareth O and Rosenthal, Jeffrey S},
  journal   = {Journal of the Royal Statistical Society: Series B (Statistical Methodology)},
  title     = {Optimal scaling of discrete approximations to Langevin diffusions},
  year      = {1998},
  number    = {1},
  pages     = {255--268},
  volume    = {60},
  groups    = {MCMC},
  publisher = {Wiley Online Library},
}
@Article{DwR14,
  author     = {Cynthia Dwork and Aaron Roth},
  journal    = {Foundations and Trends in Theoretical Computer Science},
  title      = {The Algorithmic Foundations of Differential Privacy},
  year       = {2014},
  number     = {3-4},
  pages      = {211--407},
  volume     = {9},
  bibsource  = {dblp computer science bibliography, https://dblp.org},
  biburl     = {https://dblp.org/rec/journals/fttcs/DworkR14.bib},
  doi        = {10.1561/0400000042},
  groups     = {DP fundamentals},
  keywords   = {skimmed},
  readstatus = {skimmed},
  timestamp  = {Tue, 08 Oct 2019 14:34:24 +0200},
  url        = {https://doi.org/10.1561/0400000042},
}
@InProceedings{HeikkilaJDH19,
  author     = {Mikko A. Heikkil{\"{a}} and Joonas J{\"{a}}lk{\"{o}} and Onur Dikmen and Antti Honkela},
  booktitle  = {Advances in Neural Information Processing Systems 32: Annual Conference on Neural Information Processing Systems 2019, NeurIPS 2019, 8-14 December 2019, Vancouver, BC, Canada},
  title      = {Differentially Private Markov Chain Monte Carlo},
  year       = {2019},
  pages      = {4115--4125},
  bibsource  = {dblp computer science bibliography, https://dblp.org},
  biburl     = {https://dblp.org/rec/bib/conf/nips/HeikkilaJDH19},
  crossref   = {DBLP:conf/nips/2019},
  groups     = {MCMC, DP Algorithms},
  keywords   = {read},
  readstatus = {read},
  timestamp  = {Mon, 06 Jan 2020 18:52:01 +0100},
  url        = {http://papers.nips.cc/paper/8665-differentially-private-markov-chain-monte-carlo},
}
@InProceedings{Mironov17,
  author     = {Ilya Mironov},
  booktitle  = {30th {IEEE} Computer Security Foundations Symposium, {CSF} 2017, Santa Barbara, CA, USA, August 21-25, 2017},
  title      = {R{\'{e}}nyi Differential Privacy},
  year       = {2017},
  pages      = {263--275},
  bibsource  = {dblp computer science bibliography, https://dblp.org},
  biburl     = {https://dblp.org/rec/bib/conf/csfw/Mironov17},
  crossref   = {DBLP:conf/csfw/2017},
  doi        = {10.1109/CSF.2017.11},
  groups     = {DP fundamentals},
  keywords   = {read},
  readstatus = {read},
  timestamp  = {Wed, 16 Oct 2019 14:14:49 +0200},
  url        = {https://doi.org/10.1109/CSF.2017.11},
}
@InProceedings{BuS16,
  author     = {Mark Bun and Thomas Steinke},
  booktitle  = {Theory of Cryptography - 14th International Conference, {TCC} 2016-B, Beijing, China, October 31 - November 3, 2016, Proceedings, Part {I}},
  title      = {Concentrated Differential Privacy: Simplifications, Extensions, and Lower Bounds},
  year       = {2016},
  pages      = {635--658},
  bibsource  = {dblp computer science bibliography, https://dblp.org},
  biburl     = {https://dblp.org/rec/conf/tcc/BunS16.bib},
  crossref   = {DBLP:conf/tcc/2016b1},
  doi        = {10.1007/978-3-662-53641-4\_24},
  groups     = {DP fundamentals},
  keywords   = {skimmed},
  readstatus = {skimmed},
  timestamp  = {Tue, 14 May 2019 10:00:47 +0200},
  url        = {https://doi.org/10.1007/978-3-662-53641-4\_24},
}
@Article{Sommer2019,
  author     = {David M. Sommer and Sebastian Meiser and Esfandiar Mohammadi},
  journal    = {PoPETs},
  title      = {Privacy Loss Classes: The Central Limit Theorem in Differential Privacy},
  year       = {2019},
  number     = {2},
  pages      = {245--269},
  volume     = {2019},
  bibsource  = {dblp computer science bibliography, https://dblp.org},
  biburl     = {https://dblp.org/rec/journals/popets/SommerMM19.bib},
  doi        = {10.2478/popets-2019-0029},
  groups     = {DP fundamentals},
  keywords   = {skimmed},
  readstatus = {skimmed},
}
